/home/clemsos/Documents/BibTex/phD.bib